%% Created using Papers on Sun, 13 Aug 2017.
%% http://papersapp.com/papers/

@article{BarCoc13,
Author = {Barton, John and Cocco, Simona},
Date-Added = {2018-01-02 22:27:21 +0000},
Date-Modified = {2018-01-02 22:27:26 +0000},
Doi = {10.1088/1742-5468/2013/03/P03002},
Issn = {1742-5468},
Journal = {Journal of Statistical Mechanics: Theory and Experiment},
Mendeley-Groups = {Ising models},
Month = {mar},
Number = {03},
Pages = {P03002},
Title = {{Ising models for neural activity inferred via selective cluster expansion: structural and coding properties}},
Url = {http://stacks.iop.org/1742-5468/2013/i=03/a=P03002?key=crossref.b793af40de7f98b1085b367fa334bbf4},
Volume = {2013},
Year = {2013},
Bdsk-Url-1 = {http://stacks.iop.org/1742-5468/2013/i=03/a=P03002?key=crossref.b793af40de7f98b1085b367fa334bbf4},
Bdsk-Url-2 = {https://dx.doi.org/10.1088/1742-5468/2013/03/P03002}}

@article{CocMon12,
Archiveprefix = {arXiv},
Arxivid = {arXiv:1110.5416v1},
Author = {Cocco, S and Monasson, R},
Date-Added = {2018-01-02 22:26:53 +0000},
Date-Modified = {2018-01-02 22:31:14 +0000},
Eprint = {arXiv:1110.5416v1},
File = {:Users/bdaniels/Library/Application Support/Mendeley Desktop/Downloaded/Cocco, Monasson - 2012 - Adaptive cluster expansion for the inverse Ising problem convergence, algorithm and tests.pdf:pdf},
Journal = {Journal of Statistical Physics},
Pages = {1--57},
Title = {{Adaptive cluster expansion for the inverse Ising problem: convergence, algorithm and tests}},
Year = {2012}}

@article{Schneidman:2006he,
author = {Schneidman, E and Berry, M J and {RS II} and Bialek, W},
title = {{Weak pairwise correlations imply strongly correlated network states in a neural population}},
journal = {Nature},
year = {2006}
}

@book{Cover:2006tl,
author = {Cover, Thomas M and Thomas, Joy A},
title = {{Elements of Information Theory}},
year = {2006}
}

@article{Monasson:2011fo,
author = {Cocco, S and Monasson, R},
title = {{Adaptive Cluster Expansion for Inferring Boltzmann Machines with Noisy Data}},
journal = {Physical Review Letters},
year = {2011},
volume = {106},
number = {9},
pages = {090601},
month = mar
}

@booklet{MacKay:2005wc,
title = {{Information Theory, Inference and Learning Algorithms}},
author = {MacKay, David J C},
month = sep,
year = {2005}
}

@book{Anonymous:P7M0DP7U,
author = {M{\'e}zard, Marc and Montanari, Andrea},
title = {{Information, Physics, and Computation}},
publisher = {Oxford University Press},
year = {2009},
month = jan
}

@article{SohlDickstein:2011im,
author = {Sohl-Dickstein, Jascha and Battaglino, Peter B and DeWeese, Michael R},
title = {{New Method for Parameter Estimation in Probabilistic Models: Minimum Probability Flow}},
journal = {Physical Review Letters},
year = {2011},
volume = {107},
number = {22},
pages = {220601},
month = nov
}

@article{Lee:2015ev,
author = {Lee, Edward D and Broedersz, Chase P and Bialek, William},
title = {{Statistical Mechanics of the US Supreme Court}},
journal = {J Stat Phys},
year = {2015},
pages = {1--27},
month = apr
}

@inproceedings{Lezon:2006ws,
author = {Lezon, T R and Banavar, J R and Cieplak, M},
title = {{Using the principle of entropy maximization to infer genetic interaction networks from gene expression patterns}},
booktitle = {Proceedings of the {\ldots}},
year = {2006}
}

@book{Bretthorst:2003ua,
author = {Jaynes, E T},
editor = {Bretthorst, G L},
title = {{Probability Theory: The Logic of Science}},
publisher = {Cambridge University Press},
year = {2003}
}

@article{Broderick:2007wq,
author = {Broderick, Tamara and Dudik, Miroslav and Tka{\v c}ik, Ga{\v s}per and Schapire, Robert E and Bialek, William},
title = {{Faster solutions of the inverse pairwise Ising problem}},
journal = {arXiv},
year = {2007},
pages = {1--8},
month = dec
}

@inproceedings{Weigt:2009ba,
author = {Weigt, M and White, R A and Szurmant, H},
title = {{Identification of direct residue contacts in protein{\textendash}protein interaction by message passing}},
booktitle = {Proceedings of the {\ldots}},
year = {2009}
}

@article{Hyvarinen:2007ed,
author = {Hyv{\"a}rinen, Aapo},
title = {{Some extensions of score matching}},
journal = {Computational Statistics {\&} Data Analysis},
year = {2007},
volume = {51},
number = {5},
pages = {2499--2512},
month = feb
}

@article{Nguyen:2017ww,
author = {Nguyen, H Chau and Zecchina, Riccardo and Berg, Johannes},
title = {{Inverse statistical problems: from the inverse Ising problem to data science}},
journal = {arXiv},
year = {2017},
eprint = {1702.01522v3},
eprinttype = {arxiv},
eprintclass = {cond-mat.dis-nn},
month = feb
}

@article{Stephens:2010hi,
author = {Stephens, Greg J and Bialek, William},
title = {{Statistical mechanics of letters in words}},
journal = {Phys. Rev. E},
year = {2010},
volume = {81},
number = {6},
pages = {066119},
month = jun
}

@article{Aurell:2012hi,
author = {Aurell, Erik and Ekeberg, Magnus},
title = {{Inverse Ising Inference Using All the Data}},
journal = {Physical Review Letters},
year = {2012},
volume = {108},
number = {9},
pages = {090201},
month = mar,
annote = {Scales with data size because need to evaluate pseudolikelihood term for each data point

Exact in the limit of infinite data if we assume the stationary point is unique (is it obviously unique?)}
}

@article{Jaynes:1957fy,
author = {Jaynes, E T},
title = {{Information Theory and Statistical Mechanics}},
journal = {Phys. Rev.},
year = {1957},
volume = {106},
number = {4},
pages = {620},
month = may
}

@article{Castellano:2009ce,
author = {Castellano, Claudio and Fortunato, Santo and Loreto, Vittorio},
title = {{Statistical physics of social dynamics}},
journal = {Rev. Mod. Phys.},
year = {2009},
volume = {81},
number = {2},
pages = {591--646},
month = may
}

@article{Bialek:2012cs,
author = {Bialek, William and Cavagna, Andrea and Giardina, Irene and Mora, Thierry and Silvestri, Edmondo and Viale, Massimiliano and Walczak, Aleksandra M},
title = {{Statistical mechanics for natural flocks of birds}},
journal = {PNAS},
year = {2012},
volume = {109},
number = {13},
pages = {4786--4791}
}

@article{Shannon:1948wk,
author = {Shannon, Claude Elwood},
title = {{A Mathematical Theory of Communication}},
journal = {The Bell System Technical Journal},
year = {1948},
volume = {27},
pages = {379--423},
month = jul
}

